@inbook{tanenbaum,
title = {Computer Networks},
publisher = {Prentice Hall},
chapter = 3,
pages = {226-232},
year = {2011},
author = {Andrew S. Tanenbaum, David J. Wetherall},
address = {Boston},
edition = {5th}
}
